2804 3772
182 278 260 348 jus
311 278 511 347 publice
559 277 895 347 respondendi
906 279 959 341 *J
1012 272 1310 347 permissum
1361 296 1467 330 non
1514 285 1619 331 erat
1660 279 1923 353 (Pompon.
1961 280 2084 348 orig.
2114 281 2152 349 j.
2189 281 2253 333 D.
2288 282 2316 333 I
2352 284 2381 333 2
2418 284 2451 349 ξ
2486 284 2587 351 47),

181 369 505 421 nihilominus
541 369 747 421 consilia
771 369 1098 436 litigatoribus
1127 369 1343 420 vendere
1371 371 1827 436 potuisseapparet.
1882 369 1981 436 (Of.
1999 371 2236 423 Puchtal.
2255 373 2288 423 1.
2306 392 2356 441 p.
2377 377 2474 425 567
2495 375 2591 443 sq.)

179 460 344 511 Erant
378 461 527 510 etiam
562 460 644 526 qui
679 477 880 510 caussas
915 467 1145 525 agerent,
1182 467 1236 510 ut
1268 460 1352 510 ille
1388 460 1723 511 consultus
1750 462 1905 528 juris
1941 468 1999 511 et
2032 470 2203 512 actor
2220 463 2587 515 Caussarum

180 551 535 602 mediocris
570 551 763 617 (Horat.
799 550 862 600 A.
897 550 953 599 P.
992 552 1136 614 369),
1188 551 1439 601 tenuiores
1473 559 1636 602 autem
1668 551 1803 613 ICti,
1858 553 1941 618 qui
1981 552 2262 604 facultatem
2297 556 2477 622 agendi
2511 557 2590 607 de-

180 642 471 710 sperabant,
494 624 791 712 ,oemaiffiaa
826 640 1089 691 adfuerant
1123 648 1176 690 at
1211 642 1503 708 pragmatici
1538 642 1759 709 (Quintil.
1783 642 1887 693 ΧΠ
1923 646 1969 707 3,
2009 646 2055 705 3,
2094 643 2246 695 orem
2271 648 2420 698 4981.
2451 647 2589 698 Hen-

181 750 278 784 zen
316 733 485 801 7270),
539 732 600 783 de
647 749 859 799 quorum
899 731 1208 783 mercedibus
1240 751 1287 782 v.
1324 732 1431 783 Iuv.
1463 732 1562 785 VII
1600 736 1698 784 124
1731 733 1939 785 Martial.
1975 734 2078 786 XII
2119 737 2200 796 72,
2237 738 2283 787 3.
2359 737 2589 791 Ceterum

184 824 500 893 quantumvis
552 822 808 875 caussidici
855 822 950 874 sibi
989 830 1155 890 partes
1207 823 1394 890 primas
1439 824 1492 874 in
1527 824 1712 876 caussis
1759 825 1967 891 agendis
2020 825 2328 894 vindicarent
2377 829 2584 897 illosque

182 917 526 967 advocatos
559 915 830 965 minores
866 921 920 964 ut
956 913 1285 976 Quintilianus
1320 915 1539 982 appellat
1572 915 1604 965 l.
1629 915 1662 965 l.
1699 915 2021 983 despicerent,
2057 925 2224 968 tamen
2260 921 2415 972 exitus
2450 939 2584 973 caus-

183 1025 350 1060 sarum
384 1025 415 1057 a
446 1006 584 1057 nulla
616 1023 671 1057 re
704 1007 864 1073 magis
899 1006 1186 1072 pendebant
1222 1023 1371 1071 quam
1404 1024 1436 1056 a
1469 1007 1724 1074 responsis
1752 1007 2090 1074 prudentium:
2127 1009 2258 1059 unde
2286 1028 2391 1061 non
2408 1012 2584 1063 mirum

181 1111 258 1149 est
289 1097 539 1163 mentibus
574 1114 744 1148 eorum
779 1098 863 1163 qui
899 1097 960 1146 de
994 1096 1077 1146 lite
1113 1096 1206 1146 sibi
1238 1096 1527 1146 imminente
1558 1099 1843 1165 cogitarent,
1879 1098 1987 1150 loti
2006 1116 2273 1165 personam
2306 1107 2432 1164 (non
2450 1120 2585 1154 caus·

181 1189 342 1250 sidici)
377 1189 693 1242 obversatam
721 1205 846 1238 esse.
908 1186 1056 1249 Quod
1092 1193 1338 1237 testantur
1369 1189 1679 1253 precationes
1715 1189 1864 1239 titulis
1900 1189 2253 1255 sepulcralibus
2287 1192 2495 1255 additae,
2534 1202 2584 1244 ut

182 1279 324 1330 dolus
377 1278 535 1329 malus
579 1278 709 1329 absit
755 1285 805 1328 et
831 1277 966 1345 ,Iuris
1002 1277 1253 1328 consultus
1290 1276 1390 1342 (vel
1418 1278 1500 1345 jus
1537 1277 1721 1345 civile):
1777 1277 1929 1329 Orelli
1964 1282 2113 1331 4374.
2149 1282 2284 1331 4390
2319 1299 2394 1349 sq.
2433 1286 2580 1334 4821.

179 1372 326 1424 Unus
363 1369 596 1423 Claudius
644 1368 725 1436 (de
761 1369 898 1436 cujus
927 1367 1262 1435 jurisdictione
1298 1368 1359 1419 cf.
1399 1367 1601 1420 Sueton.
1640 1367 1717 1421 ‘CL
1755 1387 1796 1419 c.
1835 1372 1897 1420 15
1934 1371 2029 1438 sq.)
2077 1372 2457 1424 caussidicorum
2491 1376 2580 1425 arti

178 1463 399 1524 nimium,
434 1460 750 1529 prudentium
784 1459 1039 1510 sententiis
1074 1478 1249 1526 parum
1283 1460 1464 1523 tribuit,
1501 1460 1543 1510 si
1580 1459 1822 1511 Senecam
1856 1461 2078 1512 audimus
2115 1461 2261 1528 (Lud.
2296 1482 2337 1514 c.
2361 1465 2459 1532 12),
2498 1467 2579 1532 qui

177 1562 296 1623 post
329 1555 457 1605 illius
491 1562 700 1604 mortem
746 1552 1043 1603 caussidicos
1094 1553 1314 1602 fortunas
1362 1570 1476 1601 suas
1515 1552 1828 1618 deplorantes
1870 1554 2010 1617 facit,
2063 1552 2202 1604 ICti
2237 1572 2265 1604 e
2298 1558 2579 1607 tenebris

176 1645 604 1715 procedebant
637 1643 881 1711 pallidi,
911 1624 1208 1710 graciles,
1242 1643 1339 1692 vix
1375 1643 1635 1693 animam
1671 1644 1970 1694 habentes
1999 1652 2301 1711 tamquam
2331 1647 2429 1713 qui
2459 1656 2579 1698 tum

176 1738 438 1788 maxime
473 1736 963 1785 reviviscerent.

330 1827 558 1893 Denique
600 1824 710 1877 loti
761 1825 972 1892 negotiis
1020 1824 1115 1874 illis
1162 1825 1437 1874 forensibus
1475 1831 1749 1874 sustentare
1787 1841 1840 1874 se
1874 1831 2125 1891 poterant,
2180 1842 2306 1892 quae
2340 1827 2579 1893 Ulpianus

178 1926 436 1972 enumerat
467 1917 596 1967 libro
614 1917 666 1966 X
689 1916 750 1966 de
780 1916 940 1966 officio
965 1916 1203 1965 Procons.
1242 1915 1322 1981 (D.
1342 1914 1563 1985 XLVIII
1584 1918 1662 1976 19,
1685 1915 1749 1981 9),
1787 1923 1841 1964 ut
1865 1915 2188 1965 instrumenta
2215 1917 2578 1983 consignarent.

176 2011 371 2064 libellos
409 2008 740 2074 conciperent,
777 2007 1064 2057 testationes
1101 2007 1468 2073 consignarent,
1503 2013 1797 2055 testamenta
1826 2005 2109 2056 ordinarent
2132 2007 2404 2058 scriberent
2420 2010 2581 2075 signa-

175 2110 302 2154 rent.
360 2102 684 2151 Testamenta
718 2116 749 2148 a
775 2099 898 2165 juris
935 2098 1164 2148 studiosis
1201 2098 1346 2148 scribi
1383 2097 1526 2147 solita
1561 2114 1669 2146 esse
1705 2104 1909 2146 testatur
1943 2098 2088 2146 etiam
2124 2097 2326 2149 Sueton.
2381 2100 2578 2150 Nerone

176 2212 218 2245 c.
240 2195 322 2243 32.
361 2191 462 2242 Sed
495 2190 548 2241 in
558 2189 713 2238 'hanc
746 2189 1052 2255 provinciam
1087 2189 1233 2237 etiam
1268 2188 1492 2238 homines
1528 2187 1705 2237 horum
1735 2187 2003 2237 studiorum
2029 2196 2253 2254 expertes
2272 2189 2575 2253 involabant,

174 2283 312 2335 velut
342 2281 573 2332 librarius
607 2279 715 2344 ille,
759 2279 840 2346 qui
873 2287 1168 2330 testamenta
1203 2278 1397 2345 scripsit
1431 2295 1591 2328 annos
1625 2278 1750 2328 XIV
1785 2278 1889 2328 sine
1924 2277 2048 2329 ICto
2081 2278 2292 2329 Henzen
2329 2281 2458 2329 7236
2496 2279 2576 2343 (cf.

172 2375 453 2427 Mommsen
487 2370 679 2422 Ztschr.
714 2371 748 2420 i.
788 2369 853 2420 G.
887 2371 945 2420 R.
977 2371 1056 2422 W.
1093 2371 1190 2422 XV
1223 2388 1272 2437 p.
1296 2369 1414 2437 370)
1450 2376 1499 2419 et
1532 2369 1769 2436 magister
1801 2369 1903 2419 ludi
1936 2351 2154 2419 litterarii
2180 2369 2457 2436 Capuanus
2493 2370 2577 2436 qui

172 2469 544 2516 testamenta
578 2462 839 2529 scripsit
876 2479 1003 2512 cum
1036 2462 1161 2512 fide
1198 2461 1263 2529 (v.
1301 2460 1493 2511 titulum
1530 2478 1560 2511 a
1594 2460 1822 2511 Nissenio
1858 2460 2040 2511 editum
2074 2460 2335 2511 HermesI
2367 2477 2416 2527 p.
2440 2460 2571 2526 149).

325 2555 459 2606 Num
508 2554 652 2619 periti
693 2553 908 2619 jurisque
961 2553 1189 2614 studiosi,
1245 2570 1367 2618 quos
1416 2551 1605 2602 Gellius
1649 2551 1835 2601 Romae
1882 2569 1912 2601 a
1953 2552 2198 2618 judicibus
2232 2551 2285 2600 in
2320 2550 2575 2601 consilium

171 2646 396 2698 adhiberi
430 2644 600 2695 solitos
636 2660 747 2694 esse
780 2650 987 2693 testatur
1020 2642 1141 2709 (XII
1169 2643 1267 2711 13),
1297 2644 1402 2710 jam
1436 2642 1522 2692 illo
1556 2649 1777 2708 tempore
1808 2642 1985 2693 salaria
2007 2642 2301 2710 acceperint,
2336 2640 2576 2690 incertum

170 2748 262 2790 est.
333 2738 396 2788 In
431 2735 670 2807 rescripto
695 2734 937 2785 Antonini
970 2735 1044 2785 Pii
1080 2735 1212 2801 quod
1246 2733 1427 2784 Paulus
1464 2734 1605 2783 affert
1639 2733 1720 2799 (D.
1756 2734 1799 2784 L
1841 2737 1920 2796 13,
1958 2738 2016 2785 4:
2057 2734 2181 2801 juris
2216 2731 2459 2783 studiosos
2494 2732 2575 2798 qui

170 2830 352 2882 salaria
403 2834 627 2894 peterent
675 2826 800 2875 haec
853 2827 1047 2892 exigere
1091 2830 1263 2891 posse)
1315 2826 1523 2875 fortasse
1570 2825 1631 2873 de
1677 2825 1792 2875 solis
1828 2826 2159 2876 assessoribus
2194 2821 2573 2891 provincialibus

170 2936 336 2971 sermo
372 2924 480 2968 erat
513 2915 593 2983 (cf.
630 2917 882 2966 Zimmern
918 2914 983 2966 Gr.
1021 2916 1065 2967 d.
1102 2915 1160 2965 R.
1198 2916 1405 2966 Privatr.
1441 2916 1468 2965 I
1504 2916 1638 2983 252).

322 3077 365 3132 *)
393 3075 605 3122 Schrader
628 3062 688 3120 'ad
717 3076 854 3120 Instit.
870 3076 892 3120 1
913 3077 953 3132 2,
968 3075 1018 3121 8:
1048 3076 1115 3119 An
1143 3075 1322 3121 facultas
1351 3076 1516 3131 publice
1544 3076 1823 3131 respondendi
1852 3076 2032 3120 dabatur
2061 3076 2265 3120 stationes
2294 3073 2573 3128 assignando?
