2804 3772
152 613 400 689 luvenalis
434 633 486 681 in
521 638 613 682 sat.
649 631 774 681 XIV
811 632 906 681 190
945 648 1052 697 sqq.
1089 637 1281 697 patrem
1313 629 1497 682 inducit
1530 628 1682 681 filium
1723 613 2065 682 adhortantem
2079 668 2092 694 ,
2146 635 2200 682 ut
2245 636 2331 682 aut
2365 646 2545 683 caussi-

137 709 310 776 *dicina
343 730 599 790 quaestum
637 723 797 784 faciat,
833 730 917 772 aut
951 722 1108 772 studio
1136 723 1262 788 juris
1297 722 1465 784 civilis,
1503 728 1587 771 aut
1618 719 1791 771 militia.
1821 720 2028 787 provehi
2062 720 2275 773 studeat:

300 815 460 865 scribe
494 830 634 881 puer,
670 812 836 879 vigila,
873 830 1071 863 caussas
1107 831 1216 879 age,
1253 797 1507 880 perlege
1541 811 1765 862 rubras

299 905 592 972 majorum
625 902 823 971 leges,
860 911 944 954 aut
979 904 1130 953 vitem
1162 920 1315 970 posce
1347 903 1529 953 libelle.

150 998 224 1052 Id.
260 996 384 1050 VIII
418 998 482 1047 49
537 994 608 1047 de
654 994 837 1061 plebe
889 1001 1100 1061 togata
1151 1010 1237 1046 eos
1291 995 1457 1045 venire
1511 993 1647 1056 dicit,
1702 993 1990 1061 quijuris
2025 992 2218 1044 nodos
2252 1000 2310 1043 et
2343 993 2545 1061 legum

150 1089 503 1176 aenigmata
538 1084 802 1138 solvant.
873 1084 940 1136 Et
985 1085 1298 1137 centonarius
1333 1084 1528 1137 Echion
1561 1084 1693 1153 apud
1725 1085 1924 1136 Petron.
1962 1091 2052 1136 sat.
2089 1087 2153 1135 46
2190 1086 2332 1148 emi,
2368 1085 2542 1152 inquit,

151 1198 295 1247 ergo
329 1196 487 1229 nunc
521 1194 714 1243 puero
749 1176 986 1243 aliquot
1018 1176 1183 1227 libra
1215 1176 1556 1238 rubricata,
1595 1175 1733 1242 quia
1765 1175 1906 1226 volo
1940 1175 2112 1226 illum
2139 1175 2213 1225 ad
2247 1175 2544 1226 domusio-

150 1287 285 1321 nem
318 1267 563 1334 aliquid
598 1267 835 1334 dejure
870 1275 1139 1335 gustare.
1176 1268 1370 1317 habet
1394 1267 1546 1317 haec
1575 1284 1672 1317 res
1704 1284 1934 1334 panem.
1987 1266 2228 1333 Equibus
2253 1266 2373 1317 locis
2392 1284 2543 1333 quum

152 1367 401 1427 appareat,
439 1359 586 1409 etiam
620 1357 845 1409 homines
880 1358 1127 1410 tenuiores
1163 1358 1401 1425 pecuniae
1435 1358 1688 1409 faciendae
1723 1374 1874 1408 causa
1907 1358 1971 1408 ad
1991 1358 2074 1426 jus
2098 1357 2238 1407 civile
2264 1374 2372 1408 sese
2389 1358 2544 1425 appli-

152 1452 323 1512 cuisse,
362 1450 619 1516 quaeritur,
658 1450 833 1515 quibus
864 1451 1021 1500 modis
1057 1451 1109 1499 hi
1127 1450 1394 1517 jurisperiti
1428 1450 1489 1499 de
1516 1449 1661 1515 plebe
1692 1456 1949 1516 quaestum
1966 1449 2185 1499 fecerint.
2238 1448 2315 1500 Ac
2331 1449 2543 1516 primum

152 1543 212 1591 de
248 1540 595 1606 discipulorum
629 1541 930 1591 institutione
966 1541 1282 1606 cogitandum
1319 1551 1393 1590 est
1427 1540 1508 1606 (de
1544 1557 1641 1606 qua
1676 1541 1736 1590 cf.
1772 1541 1975 1590 Puchta.
2013 1540 2171 1590 Instit.
2210 1540 2285 1590 ed.
2307 1543 2337 1590 3
2373 1559 2422 1606 p.
2443 1542 2540 1591 480

153 1631 295 1697 sqq.).
364 1630 491 1679 Nam
545 1630 628 1679 illo
685 1638 907 1696 tempore
961 1649 1058 1697 quo
1105 1632 1312 1697 juvenes
1366 1610 1613 1696 utriusque
1650 1631 1834 1680 ordinis
1874 1632 2129 1681 scientiam
2163 1630 2281 1694 juris
2311 1648 2377 1680 eo
2411 1631 2543 1696 cupi-

155 1721 258 1770 dius
310 1721 645 1786 appetebant,
702 1738 800 1786 quo
852 1722 1030 1771 certius
1083 1723 1214 1770 viam
1267 1723 1331 1770 ad
1381 1722 1595 1770 honores
1648 1729 1697 1770 et
1749 1721 1910 1770 officia
1962 1722 2236 1781 muniebat,
2305 1730 2354 1769 et
2405 1721 2543 1770 multi

155 1810 424 1859 eorundem
461 1811 732 1861 studiorum
769 1829 916 1861 causa
951 1829 1010 1861 ex
1046 1812 1309 1877 provinciis
1344 1811 1555 1862 Romam
1598 1812 1911 1862 confluebant
1945 1812 2026 1877 (cf.
2061 1811 2216 1860 Kuhn
2251 1811 2384 1860 Verf.
2422 1812 2467 1860 d.
2504 1830 2543 1860 r.

155 1900 213 1950 R.
250 1901 290 1950 I.
329 1903 408 1959 88,
446 1903 581 1967 608),
638 1902 1001 1967 professoribus
1047 1903 1171 1969 juris
1222 1902 1469 1952 auditores
1514 1902 1686 1953 deesse
1733 1920 1836 1953 non
1884 1910 2127 1969 poterant.
2201 1901 2346 1963 Quod
2380 1911 2546 1952 autem

152 2008 297 2042 nemo
333 1999 446 2042 ante
483 1990 697 2043 Gellium
746 1993 980 2043 stationes
1027 1994 1109 2061 jus
1161 1993 1354 2061 publice
1395 1990 1683 2044 'docentium
1716 2000 1799 2044 aut
1832 1992 2233 2060 respondentium
2270 1992 2418 2055 (XIII
2457 1995 2543 2054 13)

156 2084 567 2145 commemoravit,
607 2102 728 2150 quas
763 2084 844 2134 ille
879 2085 1167 2135 adolescens
1194 2070 1521 2151 frequentavit
1549 2085 1822 2147 (Antonino
1842 2085 1929 2135 Pio
1956 2084 2035 2133 vel
2058 2085 2268 2134 fortasse
2285 2083 2543 2135 Hadriano

153 2173 444 2238 imperante)
499 2175 549 2223 id
596 2192 732 2224 mero
780 2193 897 2225 casu
941 2176 1131 2226 videtur
1164 2177 1343 2226 factum
1381 2193 1504 2226 esse.
1575 2176 1814 2225 Doctores
1849 2175 2013 2241 legum
2049 2182 2212 2224 autem
2245 2192 2347 2224 non
2383 2176 2544 2241 magis

153 2262 304 2327 gratis
341 2252 561 2313 docuisse
598 2283 744 2330 quam
778 2266 1001 2315 rhetoras
1035 2275 1084 2314 et
1129 2263 1495 2331 grammaticos,
1550 2283 1641 2331 per
1683 2284 1737 2316 se
1772 2268 1929 2331 {patet
2000 2266 2065 2313 Et
2101 2266 2143 2314 si
2175 2265 2420 2315 Masurius
2456 2265 2545 2316 Sa-

153 2352 296 2401 binus
349 2354 431 2417 qui
475 2340 651 2405 annos·
671 2356 866 2406 demum
901 2356 943 2406 L
980 2364 1123 2406 natus
1160 2357 1445 2423 dignitatem
1481 2364 1759 2423 equestrem
1801 2357 2010 2421 accepit,
2065 2355 2328 2421 plurimum
2365 2373 2397 2404 a
2442 2355 2544 2406 suis

153 2441 453 2492 auditoribus
488 2454 785 2495 sustentatus
821 2456 895 2495 est
929 2447 994 2511 (D
1017 2447 1042 2495 I
1071 2449 1116 2508 2,
1139 2449 1167 2495 2
1200 2449 1232 2510 ξ
1264 2448 1363 2513 47),
1400 2447 1662 2513 plerosque
1698 2448 1922 2497 doctores
1958 2445 2220 2495 honoraria
2255 2463 2369 2494 cum
2404 2445 2544 2495 disci·

152 2530 279 2596 pulis
315 2540 485 2596 pactos
521 2551 630 2584 esse
664 2536 944 2602 putabimus
979 2537 1031 2585 in
1065 2537 1292 2603 ingressu
1328 2538 1621 2587 sacramenti
1655 2545 1707 2587 ut
1740 2538 1806 2586 ait
1839 2537 2082 2602 Ulpianus
2117 2536 2390 2599 offerenda,
2429 2554 2545 2602 quo-

153 2622 287 2672 niam
322 2623 447 2673 actio
483 2626 724 2677 mercedis
760 2628 1031 2694 exigendae
1059 2628 1183 2695 juris
1218 2627 1580 2694 professoribus
1617 2644 1853 2678 concessa
1886 2644 1989 2677 non
2023 2633 2142 2676 erat.
2205 2626 2291 2689 (D.
2323 2627 2366 2677 L
2401 2629 2480 2690 13,
2515 2631 2543 2677 1

154 2715 186 2777 ξ
220 2716 288 2773 5).
360 2712 592 2767 Ceterum
626 2717 813 2769 Romae
849 2737 880 2769 a
913 2719 1073 2770 tutelis
1110 2726 1159 2769 et
1191 2719 1474 2770 muneribus
1510 2719 1870 2770 excusationem
1905 2717 2171 2780 habebant,
2207 2736 2313 2769 non
2346 2719 2398 2769 in
2433 2736 2546 2786 pro-

153 2804 325 2854 vinciis
361 2804 637 2869 (Modestin.
675 2809 708 2858 1.
744 2810 809 2859 H.
846 2810 1027 2860 Excus.
1064 2811 1126 2860 D.
1163 2810 1362 2862 XXVII
1400 2815 1444 2873 1,
1485 2814 1513 2860 6
1550 2813 1583 2874 ξ
1621 2811 1717 2877 12).

302 2895 493 2945 Deinde
551 2916 614 2948 ne
661 2917 902 2966 responsa
949 2901 1145 2967 quidem
1180 2902 1539 2952 consultoribus
1583 2901 1665 2966 qui
1699 2918 1845 2950 mane
1880 2900 2006 2950 ostia
2041 2901 2310 2966 pulsabant
2345 2903 2542 2963 (Horat.

159 2983 258 3034 Sat.
290 2985 329 3033 I.
371 2989 415 3048 l,
451 2989 534 3047 15)
571 2990 634 3039 ab
671 2991 898 3042 omnibus
933 2992 1066 3044 lctis
1102 2991 1253 3058 gratis
1289 2992 1403 3043 data
1437 3009 1545 3042 esse
1581 2990 1877 3041 credendum
1911 2999 2000 3042 est.
2072 2992 2137 3043 Ei
2170 3000 2331 3044 autem
2366 2992 2544 3058 quibus
